<record><leader>00000cas a2200000 a 4500</leader><controlfield tag="001">12364886</controlfield><controlfield tag="008">850808d19061920iauwr ne      0    0cze d</controlfield><datafield ind1=" " ind2=" " tag="010"><subfield code="a">sn 85050874 </subfield></datafield><datafield ind1=" " ind2=" " tag="040"><subfield code="a">INP</subfield><subfield code="b">eng</subfield><subfield code="c">INP</subfield><subfield code="d">NVG</subfield><subfield code="d">OCL</subfield><subfield code="d">OCLCQ</subfield></datafield><datafield ind1=" " ind2=" " tag="042"><subfield code="a">msc</subfield></datafield><datafield ind1=" " ind2=" " tag="043"><subfield code="a">n-us-ia</subfield></datafield><datafield ind1="0" ind2="0" tag="245"><subfield code="a">Iowsk&#697;y pokrok.</subfield></datafield><datafield ind1=" " ind2=" " tag="260"><subfield code="a">Cedar Rapids, Iowa :</subfield><subfield code="b">Iowsk&#697;y pokrok ;</subfield><subfield code="a">Omaha, Neb. :</subfield><subfield code="b">Pokrok Pub. Co.,</subfield><subfield code="c">1906-</subfield></datafield><datafield ind1=" " ind2=" " tag="300"><subfield code="a">v. :</subfield><subfield code="b">ill. (chiefly advertisements)</subfield></datafield><datafield ind1=" " ind2=" " tag="310"><subfield code="a">Weekly</subfield></datafield><datafield ind1="0" ind2=" " tag="362"><subfield code="a">Roc&#774;. 1, c&#774;is. 1 (1. srp. 1906)-</subfield></datafield><datafield ind1="1" ind2=" " tag="362"><subfield code="a">Ceased in 1920.</subfield></datafield><datafield ind1=" " ind2=" " tag="515"><subfield code="a">Roc&#774;. 1, c&#774;is. 1 repeated in numbering.</subfield></datafield><datafield ind1=" " ind2=" " tag="546"><subfield code="a">In Czech.</subfield></datafield><datafield ind1=" " ind2=" " tag="580"><subfield code="a">Local ed. of: Pokrok za&#769;padu.</subfield></datafield><datafield ind1=" " ind2=" " tag="752"><subfield code="a">United States</subfield><subfield code="b">Iowa</subfield><subfield code="c">Linn</subfield><subfield code="d">Cedar Rapids.</subfield></datafield><datafield ind1=" " ind2=" " tag="752"><subfield code="a">United States</subfield><subfield code="b">Nebraska</subfield><subfield code="c">Douglas</subfield><subfield code="d">Omaha.</subfield></datafield><datafield ind1="1" ind2=" " tag="775"><subfield code="t">Pokrok za&#769;padu</subfield><subfield code="w">(DLC)sn 83045348</subfield></datafield><datafield ind1="0" ind2="4" tag="785"><subfield code="t">Hlasatel</subfield><subfield code="x">0744-656X</subfield><subfield code="w">(DLC)sn 82002636</subfield></datafield></record>